<?xml version="1.0" encoding="UTF-8"?>
<record xmlns="http://www.loc.gov/MARC21/slim" xmlns:xsi="http://www.w3.org/2001/XMLSchema-instance" xsi:schemaLocation="http://www.loc.gov/MARC21/slim http://www.loc.gov/standards/marcxml/schema/MARC21slim.xsd">
<leader>00000cam a22      a 4500</leader>
<controlfield tag="001">001676900</controlfield>
<controlfield tag="003">NNU</controlfield>
<controlfield tag="005">20141222183218.0</controlfield>
<controlfield tag="008">830415s1932    le            001 0 ara d</controlfield>
<datafield tag="035" ind1=" " ind2=" ">
<subfield code="a">(OCoLC)9416911</subfield>
</datafield>
<datafield tag="040" ind1=" " ind2=" ">
<subfield code="a">WAU</subfield>
<subfield code="b">eng</subfield>
<subfield code="c">WAU</subfield>
<subfield code="d">TEF</subfield>
<subfield code="d">OCLCQ</subfield>
<subfield code="d">OCLCG</subfield>
<subfield code="d">OCLCQ</subfield>
<subfield code="d">OCLCA</subfield>
<subfield code="d">OCLCQ</subfield>
<subfield code="d">NNU</subfield>
</datafield>
<datafield tag="041" ind1="0" ind2=" ">
<subfield code="a">araeng</subfield>
</datafield>
<datafield tag="050" ind1=" " ind2="4">
<subfield code="a">PJ7745.I29</subfield>
<subfield code="b">Z33 1932</subfield>
</datafield>
<datafield tag="100" ind1="1" ind2=" ">
<subfield code="6">880-01</subfield>
<subfield code="a">Ibn Dāwūd al-Iṣfahānī, Abū Bakr Muḥammad,</subfield>
<subfield code="d">868 or 869-909 or 910.</subfield>
</datafield>
<datafield tag="240" ind1="1" ind2="0">
<subfield code="6">880-02</subfield>
<subfield code="a">Zahrah.</subfield>
<subfield code="n">Niṣf 1.</subfield>
</datafield>
<datafield tag="245" ind1="1" ind2="3">
<subfield code="6">880-03</subfield>
<subfield code="a">al-Niṣf al-awwal min Kitāb al-zahrah :</subfield>
<subfield code="b">ṭabʻ li-awwal marrah naqlan ʻan al-nuskhah al-waḥīdah al-makhṭūṭah fī Dār al-Kutub al-Miṣrīyah /</subfield>
<subfield code="c">taʼlīf Abī Bakr Muḥammad ibn Abī Sulaymān al-Iṣfahānī ; iʻtaná bi-nashrih Luwīs Nīkl ; bi-musāʻadat Ibrāhīm ʻAbd al-Fattāḥ Ṭūqān.</subfield>
</datafield>
<datafield tag="246" ind1="3" ind2="0">
<subfield code="a">Book of the flower</subfield>
</datafield>
<datafield tag="246" ind1="3" ind2="0">
<subfield code="6">880-04</subfield>
<subfield code="a">Kitāb al-zahrah</subfield>
</datafield>
<datafield tag="260" ind1=" " ind2=" ">
<subfield code="6">880-05</subfield>
<subfield code="a">Bayrūt :</subfield>
<subfield code="b">Maṭbaʻat al-Ābāʼ al-Yasūʻiyīn,</subfield>
<subfield code="c">1932.</subfield>
</datafield>
<datafield tag="300" ind1=" " ind2=" ">
<subfield code="6">880-06</subfield>
<subfield code="a">406, 8 pages ;</subfield>
<subfield code="c">25 cm.</subfield>
</datafield>
<datafield tag="336" ind1=" " ind2=" ">
<subfield code="a">text</subfield>
<subfield code="b">txt</subfield>
<subfield code="2">rdacontent</subfield>
</datafield>
<datafield tag="337" ind1=" " ind2=" ">
<subfield code="a">unmediated</subfield>
<subfield code="b">n</subfield>
<subfield code="2">rdamedia</subfield>
</datafield>
<datafield tag="490" ind1="1" ind2=" ">
<subfield code="a">Studies in ancient oriental civilization ;</subfield>
<subfield code="v">no. 6</subfield>
</datafield>
<datafield tag="500" ind1=" " ind2=" ">
<subfield code="a">Added t.p. and foreword in English.</subfield>
</datafield>
<datafield tag="500" ind1=" " ind2=" ">
<subfield code="a">No more published?</subfield>
</datafield>
<datafield tag="500" ind1=" " ind2=" ">
<subfield code="a">Includes indexes.</subfield>
</datafield>
<datafield tag="700" ind1="1" ind2=" ">
<subfield code="a">Nykl, A. R.</subfield>
<subfield code="q">(Alois Richard),</subfield>
<subfield code="d">1885-</subfield>
</datafield>
<datafield tag="700" ind1="1" ind2=" ">
<subfield code="6">880-07</subfield>
<subfield code="a">Ṭūqān, Ibrāhīm ʻAbd al-Fattāḥ,</subfield>
<subfield code="d">1905-1941.</subfield>
</datafield>
<datafield tag="880" ind1="0" ind2=" ">
<subfield code="6">100-01/</subfield>
<subfield code="a">ابن داوود الاصفهاني، ابو بكر محمد،,</subfield>
<subfield code="d">868 او 9-909 او 10.</subfield>
</datafield>
<datafield tag="880" ind1="1" ind2="0">
<subfield code="6">240-02/</subfield>
<subfield code="a">زهرة.</subfield>
<subfield code="n">نصف 1.</subfield>
</datafield>
<datafield tag="880" ind1="1" ind2="3">
<subfield code="6">245-03/</subfield>
<subfield code="a">النصف الاول من كتاب الزهرة :</subfield>
<subfield code="b">طبع لاول مرة نقلا عن النسخة الوحيدة المخطوطة في دار الكتب المصرية /</subfield>
<subfield code="c">تأليف ابي بكر محمد بن ابي سليمان الاصفهاني ؛ اعتنى بنشره لويس نيكل ؛ بمساعدة ابراهيم عبد الفتاح طوقان.</subfield>
</datafield>
<datafield tag="880" ind1="3" ind2="0">
<subfield code="6">246-04/</subfield>
<subfield code="a">كتاب الزهرة</subfield>
</datafield>
<datafield tag="880" ind1=" " ind2=" ">
<subfield code="6">260-05/</subfield>
<subfield code="a">بيروت :</subfield>
<subfield code="b">مطبعة الاباء اليسوعيين،</subfield>
<subfield code="c">1932.</subfield>
</datafield>
<datafield tag="880" ind1="1" ind2=" ">
<subfield code="6">700-07/</subfield>
<subfield code="a">طوقان، ابراهيم عبد الفتاح،</subfield>
<subfield code="d">1905-1941.</subfield>
</datafield>
<datafield tag="830" ind1=" " ind2="0">
<subfield code="a">Studies in ancient oriental civilization ;</subfield>
<subfield code="v">no. 6.</subfield>
</datafield>
<datafield tag="OWN" ind1=" " ind2=" ">
<subfield code="a">GENERAL</subfield>
</datafield>
<datafield tag="AVA" ind1=" " ind2=" ">
<subfield code="a">NYU50</subfield>
<subfield code="b">BOBST</subfield>
<subfield code="c">Main Collection</subfield>
<subfield code="d">PJ7615 .I7</subfield>
<subfield code="e">unavailable</subfield>
<subfield code="t">Unavailable</subfield>
<subfield code="f">1</subfield>
<subfield code="g">1</subfield>
<subfield code="h">N</subfield>
<subfield code="i">2</subfield>
<subfield code="j">MAIN</subfield>
<subfield code="k">0</subfield>
</datafield>
</record>
